Untuk setiap referensi, baris pertama (Newton1687) merupakan label dan baris-baris berikutnya
merupakan atribut dari referensi yang akan digunakan. Umumnya, format referensi berikut sudah
disediakan oleh penyedia sumber referensi secara online dan bisa langsung digunakan di sini.

Lihat https://www.bibtex.com/g/bibtex-format/ untuk informasi lebih lanjut mengenai format
BibTex yang digunakan pada file ini.

@inproceedings{10.1145/3469116.3470013,
author = {Saffari, Ali and Tan, Sin Yong and Katanbaf, Mohamad and Saha, Homagni and Smith, Joshua R. and Sarkar, Soumik},
title = {Battery-Free Camera Occupancy Detection System},
year = {2021},
isbn = {9781450385978},
publisher = {Association for Computing Machinery},
address = {New York, NY, USA},
url = {https://doi.org/10.1145/3469116.3470013},
doi = {10.1145/3469116.3470013},
abstract = {Occupancy detection systems are commonly equipped with high-quality cameras and a processor with high computational power to run detection algorithms. This paper presents a human occupancy detection system that uses battery-free cameras and a deep learning model implemented on a low-cost hub to detect human presence. Our low-resolution camera harvests energy from ambient light and transmits data to the hub using backscatter communication. We implement the state-of-the-art YOLOv5 network detection algorithm that offers high detection accuracy and fast inferencing speed on a Raspberry Pi 4 Model B. We achieve an inferencing speed of ~ 100ms per image and an overall detection accuracy of &gt;90\% with only 2GB CPU RAM on the Raspberry Pi. In the experimental results, we also demonstrate that the detection is robust to noise, illuminance, occlusion, and angle of depression.},
booktitle = {Proceedings of the 5th International Workshop on Embedded and Mobile Deep Learning},
pages = {13â€“18},
numpages = {6},
keywords = {Neural Networks, Wireless Battery-Free Camera, Computer Vision, Occupancy Detection, Backscatter},
location = {Virtual, WI, USA},
series = {EMDL'21}
}

@inproceedings{inproceedings,
author = {Demeulemeester, Aljosha and Hollemeersch, Charles-Frederik and Lambert, Peter and Van de Walle, Rik and Jelaca, Vedran and Gruenwedel, Sebastian and Nino, Jorge and Cauwelaert, Dimitri and Veelaert, Peter and Hese, Peter and Philips, Wilfried},
year = {2011},
month = {08},
pages = {1-2},
title = {Demo: Real-time 3D visualization of multi-camera room occupancy monitoring for immersive communication systems},
journal = {2011 5th ACM/IEEE International Conference on Distributed Smart Cameras, ICDSC 2011},
doi = {10.1109/ICDSC.2011.6042956}
}